
@inproceedings{vandermeer-sven:inproceedings:in:2000,
  author = {van der Meer, Sven and Arbanowski, Stefan and Steglich, Stephan},
  booktitle = {Proc. of the 5th IEEE Intelligent Network Workshop (IN 2000)},
  eventtitle = {5th IEEE Intelligent Network Workshop (IN 2000)},
  label = {VDM-},
  title = {Flexible Control of Media Gateways for Service Adaptation},
  venue = {Cape Town, South Africa},
  year = {2000},
}
